@inproceedings{Ubaru2017,
author = {Ubaru, Shashanka and Wu, Kesheng and Bouchard, Kristofer E.},
booktitle = {Proceedings - 16th IEEE International Conference on Machine Learning and Applications, ICMLA 2017},
doi = {10.1109/ICMLA.2017.0-152},
file = {::},
isbn = {9781538614174},
keywords = {Nonnegative Matrix Factorization,Union of Intersections,interpretable machine learning,neuroscience,parts based decompositions},
pages = {241--248},
publisher = {Institute of Electrical and Electronics Engineers Inc.},
title = {{UoI-NMF cluster: A robust nonnegative matrix factorization algorithm for improved parts-based decomposition and reconstruction of noisy data}},
volume = {2017-December},
year = {2017}
}
@article{Nir2011,
	Author = {Nir, Yuval and Staba, Richard J. and Andrillon, Thomas and Vyazovskiy, Vladyslav V. and Cirelli, Chiara and Fried, Itzhak and Tononi, Giulio},
	Date-Added = {2019-05-10 09:22:13 +0000},
	Date-Modified = {2019-05-10 09:22:35 +0000},
	Journal = {Cell Press},
	Title = {Regional Slow Waves and Spindles in Human Sleep},
  Year = {2011},
  Volume = {70},
  Pages = {153--169}}

@article{Kanda2016,
	Author = {Kanda, Takeshi and Tsujino, Natsuko and Kuramoto, Eriko and Koyama, Yoshimasa and Susaki, Etsuo A. and Chikahisa, Sachiko and Funato, Hiromasa},
	Doi = {10.1007/s12576-015-0414-3},
	Issn = {1880-6562},
	Journal = {The Journal of Physiological Sciences},
	Month = {Jan},
	Number = {1},
	Pages = {1--13},
	Title = {Sleep as a biological problem: an overview of frontiers in sleep research},
	Volume = {66},
	Year = {2016},
	Bdsk-Url-1 = {http://dx.doi.org/10.1007/s12576-015-0414-3}}

@article{Timofeev2001,
	Author = {Timofeev, I. and Grenier, F and Steriade, M},
	Doi = {10.1073/pnas.041430398},
	Issn = {00278424},
	Journal = {Proceedings of the National Academy of Sciences},
	Month = {Feb},
	Number = {4},
	Pages = {1924--1929},
	Publisher = {National Academy of Sciences},
	Title = {Disfacilitation and active inhibition in the neocortex during the natural sleep-wake cycle: An intracellular study},
	Volume = {98},
	Year = {2001},
	Bdsk-Url-1 = {http://dx.doi.org/10.1073/pnas.041430398}}

@article{Vyazovskiy2009,
	Author = {Vyazovskiy, Vladyslav V. and Olcese, Umberto and Lazimy, Yaniv M. and Faraguna, Ugo and Esser, Steve K. and Williams, Justin C. and Cirelli, Chiara and Tononi, Giulio},
	Doi = {10.1016/J.NEURON.2009.08.024},
	Issn = {0896-6273},
	Journal = {Neuron},
	Month = {Sep},
	Number = {6},
	Pages = {865--878},
	Publisher = {Cell Press},
	Title = {Cortical Firing and Sleep Homeostasis},
	Volume = {63},
	Year = {2009},
	Bdsk-Url-1 = {http://dx.doi.org/10.1016/J.NEURON.2009.08.024}}

@article{Cox2016,
	Author = {Cox, Julia and Pinto, Lucas and Dan, Yang},
	Doi = {10.1038/ncomms10763},
	Issn = {2041-1723},
	Journal = {Nature Communications},
	Keywords = {Brainstem,Neuronal physiology,REM sleep},
	Month = {Dec},
	Number = {1},
	Pages = {10763},
	Publisher = {Nature Publishing Group},
	Title = {Calcium imaging of sleep--wake related neuronal activity in the dorsal pons},
	Volume = {7},
	Year = {2016},
	Bdsk-Url-1 = {http://dx.doi.org/10.1038/ncomms10763}}

@article{Lee1999,
	Author = {Lee, Daniel D. and Seung, H. Sebastian},
	Doi = {10.1038/44565},
	Issn = {0028-0836},
	Journal = {Nature},
	Month = {Oct},
	Number = {6755},
	Pages = {788--791},
	Publisher = {Nature Publishing Group},
	Title = {Learning the parts of objects by non-negative matrix factorization},
	Volume = {401},
	Year = {1999},
	Bdsk-Url-1 = {http://dx.doi.org/10.1038/44565}}

@article{Breiman2001,
	Author = {Breiman, Leo},
	Day = {01},
	Doi = {10.1023/A:1010933404324},
	Issn = {1573-0565},
	Journal = {Machine Learning},
	Month = {Oct},
	Number = {1},
	Pages = {5--32},
	Title = {Random Forests},
	Volume = {45},
	Year = {2001},
	Bdsk-Url-1 = {http://dx.doi.org/10.1023/A:1010933404324}}

@article{Hobson2005,
	Author = {Hobson, J. Allan},
	Doi = {10.1038/nature04283},
	Issn = {0028-0836},
	Journal = {Nature},
	Month = {Oct},
	Number = {7063},
	Pages = {1254--1256},
	Title = {Sleep is of the brain, by the brain and for the brain},
	Volume = {437},
	Year = {2005},
	Bdsk-Url-1 = {http://dx.doi.org/10.1038/nature04283}}

@article{Hodgkin1952,
	Author = {Hodgkin, A L and Huxley, A F},
	Journal = {J. Physiol},
	Pages = {500--544},
	Title = {A Quantitative Description of Membrane Current and its Application to Conduction and Excitation in Nerve},
	Volume = {117},
	Year = {1952}}

@article{Bi1998,
	Author = {Bi, G Q and Poo, M M},
	Doi = {10.1038/25665},
	Isbn = {0270-6474},
	Issn = {0270-6474},
	Journal = {The Journal of neuroscience: the official journal of the Society for Neuroscience},
	Number = {24},
	Pages = {10464--10472},
	Pmid = {9852584},
	Title = {Synaptic modifications in cultured hippocampal neurons: dependence on spike timing, synaptic strength, and postsynaptic cell type.},
	Volume = {18},
	Year = {1998},
	Bdsk-Url-1 = {http://dx.doi.org/10.1038/25665}}
@article{Yang2014,
author = {Yang, G. and Lai, C. S. W. and Cichon, J. and Ma, L. and Li, W. and Gan, W.-B.},
doi = {10.1126/science.1249098},
issn = {0036-8075},
journal = {Science},
month = {Jun},
number = {6188},
pages = {1173--1178},
pmid = {24904169},
title = {{Sleep promotes branch-specific formation of dendritic spines after learning}},
volume = {344},
year = {2014}
}
@article{Sjulson2007,
author = {Sjulson, Lucas and Miesenb{\"{o}}ck, Gero},
doi = {10.1152/physiol.00036.2006},
file = {::},
issn = {1548-9213},
journal = {Physiology},
month = {feb},
number = {1},
pages = {47--55},
publisher = {American Physiological Society},
title = {{Optical Recording of Action Potentials and Other Discrete Physiological Events: A Perspective from Signal Detection Theory}},
url = {http://www.physiology.org/doi/10.1152/physiol.00036.2006},
volume = {22},
year = {2007}
}

@article{Dombeck2009,
author = {Dombeck, D. A. and Graziano, M. S. and Tank, D. W.},
doi = {10.1523/JNEUROSCI.2985-09.2009},
issn = {0270-6474},
journal = {Journal of Neuroscience},
number = {44},
pages = {13751--13760},
pmid = {19889987},
title = {{Functional clustering of neurons in motor cortex determined by cellular resolution imaging in awake behaving mice}},
volume = {29},
year = {2009}
}

@article{Peters2014,
author = {Peters, Andrew J. and Chen, Simon X. and Komiyama, Takaki},
doi = {10.1038/nature13235},
file = {::},
issn = {0028-0836},
journal = {Nature},
keywords = {Cortex,Motor cortex,Spine plasticity},
number = {7504},
pages = {263--267},
publisher = {Nature Publishing Group},
title = {{Emergence of reproducible spatiotemporal activity during motor learning}},
volume = {510},
year = {2014}
}
@article{Molter2018,
author = {M{\"{o}}lter, Jan and Avitan, Lilach and Goodhill, Geoffrey J.},
doi = {10.1186/s12915-018-0606-4},
file = {::},
issn = {17417007},
journal = {BMC Biology},
keywords = {Clustering,Population coding,Spontaneous activity},
month = {nov},
number = {1},
pages = {143},
pmid = {30486809},
publisher = {BioMed Central Ltd.},
title = {{Detecting neural assemblies in calcium imaging data}},
url = {https://bmcbiol.biomedcentral.com/articles/10.1186/s12915-018-0606-4},
volume = {16},
year = {2018}
}
@article{Vogelstein2009,
author = {Vogelstein, Joshua T. and Watson, Brendon O. and Packer, Adam M. and Yuste, Rafael and Jedynak, Bruno and Paninski, Liam},
doi = {10.1016/J.BPJ.2008.08.005},
file = {:Users/mizuo/Library/Application Support/Mendeley Desktop/Downloaded/Vogelstein et al. - 2009 - Spike Inference from Calcium Imaging Using Sequential Monte Carlo Methods(2).pdf:pdf},
issn = {0006-3495},
journal = {Biophysical Journal},
keywords = {artificial data},
mendeley-tags = {artificial data},
month = {jul},
number = {2},
pages = {636--655},
publisher = {Cell Press},
title = {{Spike Inference from Calcium Imaging Using Sequential Monte Carlo Methods}},
url = {https://www.sciencedirect.com/science/article/pii/S0006349509003117},
volume = {97},
year = {2009}
}
@article{Izhikevich2003,
author = {Izhikevich, Eugene M},
doi = {10.1109/TNN.2003.820440},
file = {::},
journal = {IEEE TRANSACTIONS ON NEURAL NETWORKS},
keywords = {Hodgkin-Huxley,Index Terms-Bursting,PCNN,cortex,quadratic in-tegrate-and-fire,spiking,thalamus},
number = {6},
title = {{Simple Model of Spiking Neurons}},
url = {www.izhikevich.com.},
volume = {14},
year = {2003}
}
@misc{Holmgren2003,
author = {Holmgren, Carl and Harkany, Tibor and Svennenfors, Bj{\"{o}}rn and Zilberter, Yuri},
booktitle = {Journal of Physiology},
doi = {10.1113/jphysiol.2003.044784},
issn = {00223751},
month = {aug},
number = {1},
pages = {139--153},
publisher = {Wiley-Blackwell},
title = {{Pyramidal cell communication within local networks in layer 2/3 of rat neocortex}},
volume = {551},
year = {2003}
}
@incollection{Kanda2020,
author = {Kanda, Takeshi and Miyazaki, Takehiro and Yanagisawa, Masashi},
booktitle = {Make Life Visible},
doi = {10.1007/978-981-13-7908-6_17},
file = {:Users/mizuo/Library/Application Support/Mendeley Desktop/Downloaded/Kanda, Miyazaki, Yanagisawa - 2020 - Imaging Sleep and Wakefulness.pdf:pdf},
pages = {169--178},
publisher = {Springer Singapore},
title = {{Imaging Sleep and Wakefulness}},
year = {2020}
}
@article{Ghandour2019,
author = {Ghandour, Khaled and Ohkawa, Noriaki and Fung, Chi Chung Alan and Asai, Hirotaka and Saitoh, Yoshito and Takekawa, Takashi and Okubo-Suzuki, Reiko and Soya, Shingo and Nishizono, Hirofumi and Matsuo, Mina and Osanai, Makoto and Sato, Masaaki and Ohkura, Masamichi and Nakai, Junichi and Hayashi, Yasunori and Sakurai, Takeshi and Kitamura, Takashi and Fukai, Tomoki and Inokuchi, Kaoru},
doi = {10.1038/s41467-019-10683-2},
file = {::},
issn = {20411723},
journal = {Nature Communications},
keywords = {Computational neuroscience,Learning and memory,Long,Neural circuits,term memory},
month = {dec},
number = {1},
pages = {1--14},
pmid = {31201332},
publisher = {Nature Publishing Group},
title = {{Orchestrated ensemble activities constitute a hippocampal memory engram}},
volume = {10},
year = {2019}
}
@article{Li2009,
author = {Li, Kaiming and Guo, Lei and Nie, Jingxin and Li, Gang and Liu, Tianming},
doi = {10.1016/j.compmedimag.2008.10.011},
issn = {08956111},
journal = {Computerized Medical Imaging and Graphics},
keywords = {Brain connectivity,Brain network,FMRI},
month = {mar},
number = {2},
pages = {131--139},
publisher = {Pergamon},
title = {{Review of methods for functional brain connectivity detection using fMRI}},
volume = {33},
year = {2009}
}
